<record><leader>00000cas a2200000 a 4500</leader><controlfield tag="001">11107731</controlfield><controlfield tag="008">840830c19uu9999nyuwn ne      0   a0eng c</controlfield><datafield ind1=" " ind2=" " tag="010"><subfield code="a">sn 84031334 </subfield></datafield><datafield ind1=" " ind2=" " tag="040"><subfield code="a">NYG</subfield><subfield code="b">eng</subfield><subfield code="c">NYG</subfield><subfield code="d">NYG</subfield><subfield code="d">NYS</subfield><subfield code="d">NLC</subfield><subfield code="d">NYS</subfield><subfield code="d">OCLCQ</subfield><subfield code="d">OCLCF</subfield><subfield code="d">OCLCO</subfield></datafield><datafield ind1=" " ind2=" " tag="019"><subfield code="a">226066614</subfield></datafield><datafield ind1="1" ind2=" " tag="029"><subfield code="a">AU@</subfield><subfield code="b">000020529521</subfield></datafield><datafield ind1=" " ind2=" " tag="042"><subfield code="a">pcc</subfield></datafield><datafield ind1=" " ind2=" " tag="043"><subfield code="a">n-us-ny</subfield></datafield><datafield ind1="0" ind2=" " tag="130"><subfield code="a">Fiat lux (Alfred University)</subfield></datafield><datafield ind1="1" ind2="0" tag="245"><subfield code="a">Fiat lux.</subfield></datafield><datafield ind1=" " ind2=" " tag="260"><subfield code="a">Alfred, N.Y. :</subfield><subfield code="b">[Student Staff, Alfred University,</subfield><subfield code="c">19--]</subfield></datafield><datafield ind1=" " ind2=" " tag="300"><subfield code="a">v. :</subfield><subfield code="b">ill.</subfield></datafield><datafield ind1=" " ind2=" " tag="310"><subfield code="a">Weekly, during the school year</subfield></datafield><datafield ind1=" " ind2=" " tag="500"><subfield code="a">"Alfred University's student newspaper."</subfield></datafield><datafield ind1=" " ind2=" " tag="530"><subfield code="a">Also issued on microfilm from the Microfilm Corporation of America.</subfield></datafield><datafield ind1=" " ind2=" " tag="588"><subfield code="a">Description based on: Vol. 54, no. 5 (Oct. 25, 1966).</subfield></datafield><datafield ind1="2" ind2="0" tag="610"><subfield code="a">Alfred University.</subfield></datafield><datafield ind1=" " ind2="0" tag="651"><subfield code="a">Alfred (N.Y.)</subfield><subfield code="v">Newspapers.</subfield></datafield><datafield ind1=" " ind2="0" tag="651"><subfield code="a">Allegany County (N.Y.)</subfield><subfield code="v">Newspapers.</subfield></datafield><datafield ind1=" " ind2="0" tag="650"><subfield code="a">College student newspapers and periodicals</subfield><subfield code="z">New York (State)</subfield><subfield code="z">Alfred.</subfield></datafield><datafield ind1=" " ind2="7" tag="655"><subfield code="a">Newspapers.</subfield><subfield code="2">fast</subfield><subfield code="0">(OCoLC)fst01423814</subfield></datafield><datafield ind1="2" ind2="7" tag="610"><subfield code="a">Alfred University.</subfield><subfield code="2">fast</subfield><subfield code="0">(OCoLC)fst00519295</subfield></datafield><datafield ind1=" " ind2="7" tag="650"><subfield code="a">College student newspapers and periodicals.</subfield><subfield code="2">fast</subfield><subfield code="0">(OCoLC)fst00867966</subfield></datafield><datafield ind1=" " ind2="7" tag="651"><subfield code="a">New York (State)</subfield><subfield code="z">Alfred.</subfield><subfield code="2">fast</subfield><subfield code="0">(OCoLC)fst01206099</subfield></datafield><datafield ind1=" " ind2="7" tag="651"><subfield code="a">New York (State)</subfield><subfield code="z">Allegany County.</subfield><subfield code="2">fast</subfield><subfield code="0">(OCoLC)fst01221766</subfield></datafield><datafield ind1="2" ind2=" " tag="710"><subfield code="a">Alfred University.</subfield></datafield><datafield ind1=" " ind2=" " tag="752"><subfield code="a">United States</subfield><subfield code="b">New York</subfield><subfield code="c">Allegany</subfield><subfield code="d">Alfred.</subfield></datafield><datafield ind1="4" ind2="1" tag="856"><subfield code="u">http://fiatwww.alfred.edu/</subfield></datafield></record>